@article{Knuth92,
        author = "D.E. Knuth",
        title = "Two notes on notation",
        journal = "Amer. Math. Monthly",
        volume = "99",
        year = "1992",
        pages = "403--422",
}

@book{ConcreteMath,
        author = "R.L. Graham and D.E. Knuth and O. Patashnik",
        title = "Concrete mathematics",
        publisher = "Addison-Wesley",
        address = "Reading, MA",
        year = "1989"
}

%% Standards that aren't RFCs
@unpublished{Stand01,
	author="B. Chimiak, S. Patton",
	title="Enhanced IPv4: Stateless NAT Extensions as a Proposal to Increase Address Availability",
	note="\texttt{http://www.ltsnet.net/enhancedip/}",
}

@misc{Stand02,
  author = {Peter Ford},
  title  = {Address Extension by IP Option Usage BOF},
  howpublished = "\url{ftp://ftp.ietf.org/}",
  year   = {1994},
  month  = {March},
}

@unpublished{Stand03,
	author="Steve Deering",
	title="Simple Internet Protocol Plus (SIPP)",
	note="\texttt{http://town.hall.org/trendy/sipp/sipp-main.html}",
}


@incollection{Stand04,
	author = "Zoltan Turanyi, Andras Valko",
	title = "IPv4+4",
	publisher = "ICNP '02 Proceedings of the 10th IEEE International Conference on Network Protocols",
}

@unpublished{Stand05,
	author = "Zoltan Turanyi, Andras Valko, Anrew Campbell",
	title = "Design, Implementation, and Evaluation of IPv4+4",
}

@misc{Stand06,
  author = {Brian E. Carpenter},
  title  = {AEIOU Address Extension by IP Option Usage},
  howpublished = "\url{ftp://ftp.ietf.org/}",
  year   = {1994},
  month  = {March},
}

@misc{middle01,
	author={Michio Honda, et. al.},
	title={Is it still possible to extend TCP?},
	howpublished={http://nrg.cs.ucl.ac.uk/mjh/tmp/mboxes.pdf},
}
	

@misc{Partridge01,
	author={Craig Partridge, Alfred W. Arsenault, Stephen T. Kent},
	title={Information Assurance and the Transition to IP Version 6 (IPv6)},
	howpublished={\url{http://www.ir.bbn.com/documents/articles/MILCOM_Paper_from_Proceedings.pdf}},
}

@unpublished{Heil01,
	author="G. Heilmeier",
	title="Some Reflections on Innovation and Invention",
	note="Founders Award Lecture, National Academy of Engineering, Washington D.C. Sept. 1992",
}

@incollection{Nat01,
        author = "Paul F. Tsuchiya, Tony Eng",
        title = "Extending the IP internet through address reuse",
        note = "ACM SIGCOMM Computer Communication Review Volume 23 Issue 1, Jan 1993.  Pages 16-33.",
}

@misc{Nat02,
	author={Unknown Author},
	title={IP Masquerade HOWTO},
	howpublished="\url{http://www.linuxdocs.org/HOWTOs/IP-Masquerade-HOWTO-7.html}",
	note={Section 7.2},
}

@misc{Nat03,
	author={Yi Liu, Scott Sheppard, Jennifer Joy},
	title={The Impact of IPv4/IPv6 Interworking on Lawful Intercept - a focus on CACmII reporting},
	howpublished="\url{http://www.nanog.org/meetings/nanog53/presentations/Tuesday/Liu.pdf}",
	note={Nanog 53},
	year={2011},
	month={October},
}

@misc{Convery01,
	author={Sean Convery, Darrin Miller},
	title={IPv6 and IPv4 Threat Comparison and Best-Practice Evaluation},
	howpublished={\url{http://seanconvery.com/v6-v4-threats.pdf}},
}

@misc{dhcpv601,
	author={Sheng Jiang, Sean Shen},
	title={Secure DHCPv6 Using CGAs},
	howpublished={http://www.ietf.org/proceedings/72/slides/dhc-4.pdf},
	note={IETF 72, DHC Working Group},
}

@misc{AbleyRHO,
	author={J. Abley},
	title={Deprecation of Type 0 Routing Headers in IPv6},
	howpublished={https://tools.ietf.org/id/draft-jabley-ipv6-rh0-is-evil-00.txt},       
	note={IETF  Network Working Group},
}

@misc{Cpe01,
	author={Julie Bort},
	title={IPv6 on home routers and DSL/cable modems: FAIL},
	howpublished={\url{http://www.networkworld.com/news/2011/030411-ipv6-home-routers.html?page=1}},
	year={2011},
	month={March},
}

@misc{Cpe02,
	author={Unknown Author},
	title={Broadband CPE - ARIN IPv6 Wiki},
	howpublished={\url{http://www.getipv6.info/index.php/Broadband_CPE}},
}

@misc{Hoagland01,
	author={Dr. James Hoagland},
	title={The Teredo Protocol: Tunneling Past Network Security and Other Security Implications},
	howpublished={\url{http://www.symantec.com/avcenter/reference/Teredo_Security.pdf}},
}

@misc{nw01,
	author={Carolyn Duffy Marsan},
	title={IPv6 Cost Estimates Trigger Debate: Part 1},
	howpublished={\url{http://www.networkworld.com/newsletters/isp/2006/0227isp1.html}},
	year={2006},
	month={March},
}

@misc{RTI01,
	author={Michael P. Gallaher, Brent Rowe},
	title={IPv6 Economic Impact Assessment},
	howpublished={\url{http://www.rti.org/pubs/IPv6\_cost-benefit.pdf}},
	year={2005},
	month={October},	
}



@misc{Karrenberg01,
	author={Daniel Karrenberg},
	title={IPv6 Some Observations},
	howpublished={\url{http://meetings.ripe.net/ripe-55/presentations/karrenberg-ipv6-observations.pdf}},
	year={2007},
	month={October},
	note={RIPE 55}
}

@incollection{Broadband01,
        author = "Broadband Forum",
        title = {Functional Requirements for Broadband Residential Gateway Devices},
        note = {Issue: 2},
	howpublished={\url{http://www.broadband-forum.org/technical/download/TR-124_Issue-2.pdf}},
	year={2010},
	month={May},
}

@unpublished{Imp01,
	author="POSTEL",
	title = {TCP/IP Digest Wednesday, 11 Nov 1981, Volume 1 : Issue 6},
	note = {\texttt{http://www.livinginternet.com/i/ii\_tcpip.htm}}
}

%note="\texttt{http://www.columbia.edu/~rh120/other/tcpdigest_paper.txt}"
@unpublished{Arpa01,
	author="Ronda Hauben",
	title="From the ARPANET to the Internet",
	note="\texttt{http://www.columbia.edu/~rh120/other/tcpdigest\_paper.txt}"
}

%% Programming
@unpublished{prog01,
	author={Unknown Author},
	title={struct sockaddr and pals},
	note="\texttt{http://beej.us/guide/bgnet/output/html/singlepage/bgnet.html#sockaddr_inman}"
}

@unpublished{bgpmon01,
	author={Unknown Author},
	title={Number of Autonomous Systems in the IPv4/IPv6 Routing Table},
	note="\texttt{http://www.bgpmon.net/stat.php}"
}

@misc{bgpmon02,
	author={Unknown Author},
	title={6to4 Relays},
	howpublished={\url{http://www.bgpmon.net/6to4.php}},
	year={2011},
	month={October},
}

@incollection{He01,
	author={Martin J. Levy},
	title={IPv6 Global Deployment - Where and How?},
	howpublished={\url{http://www.isoc.org/isoc/conferences/afpif/2011/docs/martin_levy_hurricane-electric-ipv6.pdf}},
	note={ISOC},
	year={2011},
	month={August},
}

@misc{V6list01,
	author={Unknown Author},
	title={Comparison of IPv6 support in operating systems},
	howpublished={\url{http://en.wikipedia.org/wiki/Comparison_of_IPv6_support_in_operating_systems}},
	year={2011},
	month={October},
}

@misc{potaroo01,
	author={Unknown Author},
	title={IPv6: IPv6 / IPv4 Comparative Statistics},
	note={http://bgp.potaroo.net/v6/v6rpt.html},
}

@misc{Cerf01,
	author={Vint Cerf},
	title={Google IPv6 Implementors' Conference},
	note={Opening Remarks},
	howpublished="\url{http://www.youtube.com/watch?v=nWJ-htuN4Hk}",
}

%%IPv6
@unpublished{ipv401,
	author="Unknown Author",
	title="Free Pool of IPv4 Address Space Depleted",
	note="\texttt{http://www.nro.net/news/ipv4-free-pool-depleted}"
}

@misc{ipv402,
  author = {Unknown Author},
  title = {{IANA IPv4 Address Space Registry}},
  howpublished = "\url{http://www.iana.org/assignments/ipv4-address-space/ipv4-address-space.xml}",
}

@misc{ipv403,
  author={Unknown Author},
  title={IPv4 Address Exhaustion},
  howpublished = "\url{http://en.wikipedia.org/wiki/IPv4_address_exhaustion}",
}

@misc{ipv404,
  author={Unknown Author},
  title={Classful Network},
  howpublished="\url{http://en.wikipedia.org/wiki/Classful_network}",
}

@misc{ipv405,
   author={Unknown Author},
   title={Classless Inter-Domain Routing},
   howpublished="\url{http://en.wikipedia.org/wiki/Classless\_Inter-Domain\_Routing}",
}

@misc{terena01,
	author={Monica Domingues, Carlos Friacas, Pedro Viega},
	title={Is Global IPv6 Deployment on Track?},
	howpublished="\url{http://tnc2007.terena.org/core/getfilec7d8.pdf}",
	year={2007},
	month={May},
	note={TERENA Networking Conference},
}



@incollection{Nat444,
        author = "J. Yamaguchi et. al.",
        title = "NAT444 addressing models",
        publisher = "Internet Engineering Task Force",
}

@misc{dslite00,
	author={A. Durand},
	title={Dual-stack lite broadband deployments post IPv4 exhaustion},
	howpublished="\url{http://tools.ietf.org/html/draft-durand-dual-stack-lite-00}",
	year={2008},
	month={July},
}

@article{ipv6mess,
	author = "D.J. Bernstein",
	title = "The IPv6 Mess",
	note = {\texttt{http://cr.yp.to/djbdns/ipv6mess.html}}
}	

%%IP Options
@article{ipopts01,
	author="Rodrigo Fonseca et. al.",
	title="IP Options are not an option",
	note="Electrical Engineering and Computer Sciences University of California at Berkeley, Technical Report No. UCB/EECS-2005-24",
	Publisher= {\url{http://www.eecs.berkeley.edu/Pubs/TechRpts/2005/EECS-2005-24.html}}
}

@article{ipopts02,
	author={Mattia Rossi, Michael Welzl},
	title={On the Impact of IP Option Processing},
	note={Preprint-Reihe des Fachbereichs Mathematik - Informatik, No. 15},
	year={2003},
	month={October},
	howpublished={\url{http://heim.ifi.uio.no/michawe/research/projects/ip-options/index.html}},
}

@article{ipopts03,
	author={Mattia Rossi, Michael Welzl},
	title={On the Impact of IP Option Processing - Part 2},
	note={Preprint-Reihe des Fachbereichs Mathematik - Informatik, No. 26},
	year={2004},
	month={July},
	howpublished={\url{http://heim.ifi.uio.no/michawe/research/projects/ip-options/index.html}},
}

@article{router01,
	author={James Aweya},
	title={IP Router Architecture: An Overview},
	note={Nortel Networks},
        howpublished="\url{http://www.cs.virginia.edu/~cs757/papers/awey99.pdf}",
}

@article{router02,
	author={Markus Hidell, Peter Sjodin, Olof Hagsand},
	title={Router Architectures: Tutorial at Networking 2004},
	howpublished={\url{http://web.ict.kth.se/~mahidell/pubs/networking04_tutorial_final.pdf}},
	year={2004},
}

@misc{optvuln01,
	author={Cisco Security Advisory},
	title={Crafted IP Option Vulnerability},	howpublished={\url{http://www.cisco.com/en/US/products/products\_security\_advisory09186a00807cb157.shtml}},
}

@misc{optvuln02,
	author={A. Reitzel},
	title={http://www.cisco.com/en/US/products/products\_security\_advisory09186a00807cb157.shtml},
	note = {Internet-Draft},
	howpublished={\url{http://tools.ietf.org/html/draft-reitzel-ipv4-source-routing-is-evil-00}},
}

%%RIRs
@misc{Apnic01,
  author = {Unknown Author},
  title = {{Delegations from the APNIC IPv4 address pool}},
  howpublished = "\url{http://www.apnic.net/policy/add-manage-policy#9.10}",
}

@misc{Apnic02,
  author = {Unknown Author},
  title = {{IPv4 Exhaustion Details}},
  howpublished = "\url{http://www.apnic.net/community/ipv4-exhaustion/ipv4-exhaustion-details}",
}

@misc{Apnic03,
  author={Dr. Shin Miyakawa},
  title={From IPv4 to IPv4/v6 dual stack Internet},
  howpublished="\url{http://meetings.apnic.net/__data/assets/file/0011/38297/Miyakawa-APNIC-KEYNOTE-IPv6-2011-8.pptx.pdf}",
  year={2011},
  month={August},
  note={slides 11-19},
}

@misc{Cgn01,
   author={Jeff Doyle},
   title={Can Large Scale NAT Save IPv4?},
   howpublished="\url{http://www.networkworld.com/community/blog/can-large-scale-nat-save-ipv4}",
   year={2010},
   month={October},	
}

@misc{Ars01,
	author={Iljitsch van Beijnum},
	title={There is no Plan B: why the IPv4-to-IPv6 transition will be ugly},
	howpublished="\url{http://arstechnica.com/business/news/2010/09/there-is-no-plan-b-why-the-ipv4-to-ipv6-transition-will-be-ugly.ars}",
	year={2010},
	month={September},
	note={},
}

%%Peering
@misc{Peering01,
  author = {Mike Freedman},
  title = {{Internet Peering, IPv6, and NATs}},
  howpublished = "\url{http://www.scs.stanford.edu/nyu/04sp/notes/l10.pdf}",
  note = {Stanford Course V22.0480-005},
}

@misc{Peering02,
  author = {Gert Doring},
  title = {{IPv6 Peering Thoughts - IXPs DOs and DONTs}},
  howpublished = "\url{http://www.space.net/~gert/RIPE/EPF4-IPv6-panel.pdf}",
  year = {2009}, 
  month = {September},
  note = "4th European Peering Forum, Kopenhagen"
}

@misc{Peering03,
  author = {Simon Leinen},
  title = {{IPv6 Peering in Switzerland}},
  howpublished = "\url{http://meetings.ripe.net/ripe-47/presentations/ripe47-ipv6-swiss-peering.pdf}",
  note = "Ripe 47 Presentation"
}

@misc{Peering04,
  author = {Rich Miller},
  title = {{Peering Disputes Migrate to IPv6}},
  howpublished = "\url{http://www.datacenterknowledge.com/archives/2009/10/22/peering-disputes-migrate-to-ipv6/}",
  year = {2009},
  month={October},
}

@misc{Peering05,
	author={Martin Levy},
	title={IPv6 Global Deployment \- Where and How?},
	howpublished="\url{http://www.isoc.org/isoc/conferences/afpif/2011/docs/martin_levy_hurricane-electric-ipv6.pdf}",
	note={Slide 14},
	month={August},
	year={2011},
}

@misc{RH01,
	author={Phillippe Biondi, Arnaud Ebalard},
	title={IPv6 Routing Header Security},
	howpublished={\url{http://cansecwest.com/csw07/csw07-ebalard-biondi.pdf}},
	year={2007},
	note={CanSecWest},
}

@misc{Market01,
	author={Unknown Author},
	title={Marketplace of Ideas},
	howpublished="\url{http://en.wikipedia.org/wiki/Marketplace_of_ideas}",
}

@misc{Sip01,
	author={Sean Walberg},
	title={How to Configure SIP and NAT},
	howpublished="\url{http://www.linuxjournal.com/article/9399}",
	year={2007},
	month={March}
}

@incollection{Freebsd01,
	author={George V. Neville-Neil},
	title={Security, Safety, and the Acceptance of IPv6},
	publisher={ACM Sigcomm},
	year={2007},
	howpublished={http://conferences.sigcomm.org/sigcomm/2007/ipv6/1569042755.pdf},
}

@incollection{Er01,
        author = "P. Erd{\H o}s",
        title = "A selection of problems and results in combinatorics",
        booktitle = "Recent trends in combinatorics (Matrahaza, 1995)",
        publisher = "Cambridge Univ. Press",
        address = "Cambridge",
        pages = "1--6"
}


%%Internet2
@misc{Internet2,
  author = {Unknown Author},
  title  = {Internet2},
  howpublished = "\url{http://www.internet2.edu/}",
}


